
@misc{din9241,
author = {Deutsche Institut für Normung e. V.},
title = {DIN EN ISO 9241-220
Ergonomie der Mensch-System-Interaktion - Teil 220},
year = {04.04.2021},
url = {https://www.din.de/de/mitwirken/normenausschuesse/naerg/veroeffentlichungen/wdc-beuth:din21:289443385},
}




@misc{PyPI,
author = {Python Software Foundation},
title = {PyPi - The Python Package Index (PyPI) is a software directory for the Python programming language.},
year = {01.01.2024},
url = {https://pypi.org},
}

@misc{ReadTheDocs,
author = {Read the Docs, Inc},
title = {ReadTheDocs - Build, host, and share documentation, all with a single platform.},
year = {01.01.2024},
url = {https://readthedocs.com},
}

@misc{MagneticReadoutProcessingPyPI,
author = {Python Software Foundation},
title = {MagneticReadoutProcessing - PyPi},
year = {01.01.2024},
url = {https://pypi.org/project/MagneticReadoutProcessing/},
}

@misc{MagneticReadoutProcessingReadTheDocs,
author = {Read the Docs, Inc},
title = {MagneticReadoutProcessing - ReadTheDocs},
year = {01.01.2024},
url = {https://magneticreadoutprocessing.readthedocs.io/en/latest/index.html},
}


@misc{PythonDocstringReference,
author = {Python Software Foundation},
title = {Python Enhancement Proposals - Docstring Conventions},
year = {01.01.2024},
url = {https://peps.python.org/pep-0257/},
}

@misc{SphinxDocumentation,
author = {Sphinx developers},
title = {Sphinx makes it easy to create intelligent and beautiful documentation.},
year = {01.01.2024},
url = {https://www.sphinx-doc.org/en/master/},
}

https://www.sphinx-doc.org/en/master/



%%%%%%%%%%%%%%%%%%%%%%%%
% Bücher
%%%%%%%%%%%%%%%%%%%%%%%%

%@book{Bohner2001,
%  Author = {Bohner, Max and  Fischer, Richard},
%  Title = {Fachkunde Kraftfahrzeugtechnik},
%  Publisher = {VERLAG EUROPA-LEHRMITTEL},
%volume  = {},
%  Year = {2001},
%  ISBN = {3808522399},
% URL = {},
%}



%@Unpublished{texschreiben,
%author = {FH Aachen},
%title = {So geht Schreiben mit Latex},
%note = {interner Bericht},
%}
